@inproceedings{zitnick2014edge,
  title={Edge boxes: Locating object proposals from edges},
  author={Zitnick, C Lawrence and Doll{\'a}r, Piotr},
  booktitle={Computer Vision--ECCV 2014: 13th European Conference, Zurich, Switzerland, September 6-12, 2014, Proceedings, Part V 13},
  pages={391--405},
  year={2014},
  organization={Springer}
}

@article{zhang2021visual,
  title={Visual place recognition: A survey from deep learning perspective},
  author={Zhang, Xiwu and Wang, Lei and Su, Yan},
  journal={Pattern Recognition},
  volume={113},
  pages={107760},
  year={2021},
  publisher={Elsevier}
}

@article{ali2022gsv,
  title={Gsv-cities: Toward appropriate supervised visual place recognition},
  author={Ali-bey, Amar and Chaib-draa, Brahim and Gigu{\`e}re, Philippe},
  journal={Neurocomputing},
  volume={513},
  pages={194--203},
  year={2022},
  publisher={Elsevier}
}
