@article{ali2022gsv,
  title={Gsv-cities: Toward appropriate supervised visual place recognition},
  author={Ali-bey, Amar and Chaib-draa, Brahim and Gigu{\`e}re, Philippe},
  journal={Neurocomputing},
  volume={513},
  pages={194--203},
  year={2022},
  publisher={Elsevier}
}

@inproceedings{yang2010bag,
  title={Bag-of-visual-words and spatial extensions for land-use classification},
  author={Yang, Yi and Newsam, Shawn},
  booktitle={Proceedings of the 18th SIGSPATIAL international conference on advances in geographic information systems},
  pages={270--279},
  year={2010}
}

@article{redmon2018yolov3,
  title={Yolov3: An incremental improvement},
  author={Redmon, Joseph and Farhadi, Ali},
  journal={arXiv preprint arXiv:1804.02767},
  year={2018}
}

@article{lowry2015visual,
  title={Visual place recognition: A survey},
  author={Lowry, Stephanie and S{\"u}nderhauf, Niko and Newman, Paul and Leonard, John J and Cox, David and Corke, Peter and Milford, Michael J},
  journal={ieee transactions on robotics},
  volume={32},
  number={1},
  pages={1--19},
  year={2015},
  publisher={IEEE}
}

@article{nicosevici2012automatic,
  title={Automatic visual bag-of-words for online robot navigation and mapping},
  author={Nicosevici, Tudor and Garcia, Rafael},
  journal={IEEE Transactions on Robotics},
  volume={28},
  number={4},
  pages={886--898},
  year={2012},
  publisher={IEEE}
}

@inproceedings{zitnick2014edge,
  title={Edge boxes: Locating object proposals from edges},
  author={Zitnick, C Lawrence and Doll{\'a}r, Piotr},
  booktitle={Computer Vision--ECCV 2014: 13th European Conference, Zurich, Switzerland, September 6-12, 2014, Proceedings, Part V 13},
  pages={391--405},
  year={2014},
  organization={Springer}
}

@inproceedings{lin2014microsoft,
  title={Microsoft coco: Common objects in context},
  author={Lin, Tsung-Yi and Maire, Michael and Belongie, Serge and Hays, James and Perona, Pietro and Ramanan, Deva and Doll{\'a}r, Piotr and Zitnick, C Lawrence},
  booktitle={Computer Vision--ECCV 2014: 13th European Conference, Zurich, Switzerland, September 6-12, 2014, Proceedings, Part V 13},
  pages={740--755},
  year={2014},
  organization={Springer}
}